@misc{iradar,
    author = {Luk{\' a}{\v s} Ronge et al.},
    title = {{iRadar CZ}},
    howpublished = "\url{http://radar.bourky.cz/iphone/}",
    note = "[Online; accessed \today]"
}

@misc{iradarplus,
    author = {Luk{\' a}{\v s} Ronge et al.},
    title = {{iRadar CZ+}},
    howpublished = "\url{http://iradarcz.bourky.cz}",
    note = "[Online; accessed \today]"
}

@misc{itunesweather,
    author = {Apple},
    title = {{iRadar CZ+ on the App Store}},
    howpublished = "\url{https://itunes.apple.com/us/app/iradar-cz/id974745798}",
    note = "[Online; accessed \today]"
}

@misc{radarbourky,
    author = {},
    title = {{Prohl{\' i}{\v z}e{\v c} radarov{\' y}ch dat {\v C}HM{\' U} s{\' i}t{\v e} CZRAD}},
    howpublished = "\url{http://radar.bourky.cz}",
    note = "[Online; accessed \today]"
}


@book{metar,
    place={Geneva, Switzerland},
    title={Aerodrome reports and forecasts: a users handbook to the codes},
    publisher={World Meteorological Organization},
    year={2014}
}
