@onlineweb{bib:schema,
  title = {Materiály k předmětu paralelní a distribuované algoritmy},
  year = 2017,
  url = {https://www.fit.vutbr.cz/study/courses/PDA/private/pda.htm},
  howpublished = "online"
}

@onlineweb{bib:openmpi,
  title = {Open MPI: Open Source High Performance Computing},
  year = 2017,
  url = {https://www.open-mpi.org},
  howpublished = "online"
}

@article{bib:sushi,
  title={The Parallel Enumeration Sorting Scheme for VLSI},
  author={Yasuura, Hiroto and Takagi, Naofumi and Yajima, Shuzo},
  journal={IEEE Transactions on Computers},
  volume={31},
  number={12},
  year={1982}
}
